@book{grus2016,
  title={Data science do zero},
  author={Grus, Joel},
  year={2016},
  publisher={Alta books}
}

@misc{hbr2012,
  year=2012,
  author="Harvard Business Review",
  title={"https://hbr.org/2012/10/data-scientist-the-sexiest-job-of-the-21st-century"}
}

@book{bruce2020practical,
  title={Practical statistics for data scientists: 50+ essential concepts using R and Python},
  author={Bruce, Peter and Bruce, Andrew and Gedeck, Peter},
  year={2020},
  publisher={O'Reilly Media}
}

@book{tukey1977exploratory,
  title={Exploratory data analysis},
  author={Tukey, John W and others},
  volume={2},
  year={1977},
  publisher={Reading, MA}
}

@book{haykin2009neural,
  title={Neural networks and learning machines, 3/E},
  author={Haykin, Simon},
  year={2009},
  publisher={Pearson Education}
}

@book{haykin2001redes,
  title={Redes neurais: princ{\'\i}pios e pr{\'a}tica},
  author={Haykin, Simon},
  year={2001},
  publisher={Bookman Editora}
}

@book{Haykin1998,
    author = {Haykin, Simon},
    title = {Neural Networks: A Comprehensive Foundation},
    year = {1998},
    isbn = {0132733501},
    publisher = {Prentice Hall PTR},
    address = {USA},
    edition = {2nd},
}

@article{de1999introduccao,
  title={Introdu{\c{c}}{\~a}o aos algoritmos gen{\'e}ticos},
  author={de Lacerda, Est{\'e}fane GM and De Carvalho, ACPLF},
  journal={Sistemas inteligentes: aplica{\c{c}}oes a recursos h{\i}dricos e ci{\^e}ncias ambientais},
  volume={1},
  pages={99--148},
  year={1999}
}

@phdthesis{de2007aplicaccoes,
  title={Aplica{\c{c}}{\~o}es de meta-heuristica genetica e fuzzy no sistema de colonia de formigas para o problema do caixeiro viajante},
  author={de Carvalho, Marcia Braga},
  year={2007},
  school={[sn]}
}



